<record><leader>00000cas a2200000 a 4500</leader><controlfield tag="001">13048915</controlfield><controlfield tag="008">860122d19031903ksuwr ne      0    0eng d</controlfield><datafield ind1=" " ind2=" " tag="010"><subfield code="a">sn 85066987 </subfield></datafield><datafield ind1=" " ind2=" " tag="040"><subfield code="a">KSH</subfield><subfield code="b">eng</subfield><subfield code="c">KSH</subfield><subfield code="d">NPT</subfield><subfield code="d">OCL</subfield><subfield code="d">OCLCQ</subfield></datafield><datafield ind1="0" ind2=" " tag="041"><subfield code="a">engger</subfield></datafield><datafield ind1=" " ind2=" " tag="042"><subfield code="a">msc</subfield></datafield><datafield ind1="0" ind2="0" tag="245"><subfield code="a">Van Peyma's paper.</subfield></datafield><datafield ind1=" " ind2=" " tag="260"><subfield code="a">Kansas City, Kan. :</subfield><subfield code="b">James Van Peyma,</subfield><subfield code="c">1903-</subfield></datafield><datafield ind1=" " ind2=" " tag="300"><subfield code="a">v. :</subfield><subfield code="b">ill. ;</subfield><subfield code="c">55 cm.</subfield></datafield><datafield ind1=" " ind2=" " tag="310"><subfield code="a">Weekly</subfield></datafield><datafield ind1="0" ind2=" " tag="362"><subfield code="a">Vol. 8, no. 41 (Sept. 3, 1903)-</subfield></datafield><datafield ind1="1" ind2=" " tag="362"><subfield code="a">Ceased in 1903.</subfield></datafield><datafield ind1=" " ind2=" " tag="500"><subfield code="a">"Jeffersonian democracy."</subfield></datafield><datafield ind1=" " ind2=" " tag="546"><subfield code="a">Issue for Sept. 24, 1903 in German.</subfield></datafield><datafield ind1=" " ind2=" " tag="752"><subfield code="a">United States</subfield><subfield code="b">Kansas</subfield><subfield code="c">Wyandotte</subfield><subfield code="d">Kansas City.</subfield></datafield><datafield ind1="1" ind2=" " tag="029"><subfield code="a">AU@</subfield><subfield code="b">000022170532</subfield></datafield></record>